@article{garrido2014automatic,
   author = {Garrido-Jurado, S. and Muñoz-Salinas, R. and Madrid-Cuevas, F. J. and Marín-Jiménez, M. J.},
   title = {Automatic generation and detection of highly reliable fiducial markers under occlusion},
   journal = {Pattern Recognition},
   volume = {47},
   number = {6},
   pages = {2280-2292},
   year = {2014}
}

@article{kim2014using,
   author = {Kim, S. and Oh, H. and Choi, J. and Tsourdos, A.},
   title = {Using hands-on project with LEGO Mindstorms in a graduate course},
   journal = {International Journal of Engineering Education},
   volume = {30},
   number = {2},
   pages = {458-470},
   year = {2014}
}

@article{desouza2002vision,
   author = {DeSouza, Guilherme N. and Kak, Avinash C.},
   title = {Vision for mobile robot navigation: A survey},
   journal = {IEEE Transactions on Pattern Analysis and Machine Intelligence},
   volume = {24},
   number = {2},
   pages = {237-267},
   year = {2002}
}

@inproceedings{tian2016development,
   author = {Tian, Y. and Matsuno, T. and Sakurai, R. and Nakamura, T.},
   title = {Development of remote robot control system for snake-like robot based on SSH protocol and iOS system},
   booktitle = {IEEE International Conference on Robotics and Biomimetics (ROBIO)},
   pages = {100-105},
   year = {2016}
}

@article{otto2018teaching,
   author = {Otto, S. and Thiemer, A. and Eckert, T. and Schönfelder, M. and Seibel, J.},
   title = {Teaching vision‐based control for autonomous driving with LEGO Mindstorms EV3, Raspberry Pi and Simulink},
   journal = {Computer Applications in Engineering Education},
   volume = {26},
   number = {5},
   pages = {1361-1375},
   year = {2018}
}

@article{basso2015lego,
   author = {Basso, M. and Innocenti, G.},
   title = {LEGO-bike: A challenging robotic lab project to illustrate rapid prototyping in the Mindstorms/Simulink integrated platform},
   journal = {Computer Applications in Engineering Education},
   volume = {23},
   number = {6},
   pages = {947-958},
   year = {2015}
}

@article{akin2013introduction,
   author = {Akin, H. L. and Meriçli, Ç. and Meriçli, T. and Kaplan, K. and Çelik, B.},
   title = {Introduction to autonomous mobile robotics using Lego Mindstorms NXT},
   journal = {Computer Science Education},
   volume = {23},
   number = {4},
   pages = {368-386},
   year = {2013}
}

@inproceedings{trung2009development,
   author = {Trung, P. and Afzulpurkar, N. and Bodhale, D.},
   title = {Development of vision service in Robotics Studio for road signs recognition and control of LEGO MINDSTORMS robot},
   booktitle = {IEEE International Conference on Robotics and Biomimetics},
   pages = {1176-1181},
   year = {2009}
}

@article{casini2011lego,
   author = {Casini, M. and Prattichizzo, D. and Vicino, A.},
   title = {A LEGO Mindstorms multi-robot setup in the Automatic Control Telelab},
   journal = {IFAC Proceedings Volumes},
   volume = {44},
   number = {1},
   pages = {9812-9817},
   year = {2011}
}

@inproceedings{sagitov2017comparing,
   author = {Sagitov, A. and Shabalina, K. and Lavrenov, R. and Magid, E.},
   title = {Comparing fiducial marker systems in the presence of occlusion},
   booktitle = {International Conference on Mechanical, System and Control Engineering},
   pages = {377-382},
   year = {2017}
}

@article{garcia2002learn,
   author = {Garcia, M. A. and Patterson-McNeill, H.},
   title = {Learn how to develop software using the toy LEGO Mindstorms},
   journal = {Journal of Computing Sciences in Colleges},
   volume = {18},
   number = {2},
   pages = {300-302},
   year = {2002}
}

@article{prieto2012monoball,
   author = {Prieto, S. and Navarro, T. A. and Plaza, M. and Polo, Ó.},
   title = {A monoball robot based on LEGO Mindstorms [Focus on Education]},
   journal = {IEEE Industrial Electronics Magazine},
   volume = {6},
   number = {4},
   pages = {45-55},
   year = {2012}
}

@article{bergamasco2016accurate,
   author = {Bergamasco, F. and Albarelli, A. and Cosmo, L. and Rodola, E. and Torsello, A.},
   title = {An accurate and robust artificial marker based on cyclic codes},
   journal = {IEEE Transactions on Pattern Analysis and Machine Intelligence},
   volume = {38},
   number = {12},
   pages = {2359-2373},
   year = {2016},
   doi = {10.1109/TPAMI.2016.2519024}
}

@misc{EddieYoung2020legoarm,
    author = {Young, E.},
    title = {LEGO Mindstorms Arm with Computer Vision},
    year = {2020},
    howpublished = {YouTube},
    note = {Available at: \url{https://youtu.be/5z3mEdhCSug?si=eTKyZBxc52eAMeNX}}
}